<record xmlns="http://www.loc.gov/MARC21/slim" xmlns:xsi="http://www.w3.org/2001/XMLSchema-instance" xsi:schemaLocation="http://www.loc.gov/MARC21/slim http://www.loc.gov/standards/marcxml/schema/MARC21slim.xsd">

  <leader>00873nam a2200205   4500</leader>
  <datafield tag="999" ind1=" " ind2=" ">
    <subfield code="c">3366</subfield>
    <subfield code="d">3366</subfield>
  </datafield>
  <controlfield tag="005">20170127134743.0</controlfield>
  <controlfield tag="008">170127b2014    cr ||||| |||| 00| | spa d</controlfield>
  <datafield tag="090" ind1=" " ind2=" ">
    <subfield code="a">06.01.01 </subfield>
    <subfield code="b">2247 CD #257 </subfield>
  </datafield>
  <datafield ind2=" " tag="100" ind1="1">
    <subfield code="9">715</subfield>
    <subfield code="a">Cordero Cordero, Teresita </subfield>
  </datafield>
  <datafield tag="245" ind1="1" ind2="0">
    <subfield code="a">Promoción de la participación de estudiantes con trabajos finales en el campo de la educación del grado y posgrado de la UCR en el INIE /</subfield>
    <subfield code="c"> Teresita Cordero Cordero; Wendy Páez Cerdas</subfield>
  </datafield>
  <datafield tag="260" ind1=" " ind2=" ">
    <subfield code="a">[San José, Costa Rica] : </subfield>
    <subfield code="b">INIE, </subfield>
    <subfield code="c">2014</subfield>
  </datafield>
  <datafield tag="300" ind1=" " ind2=" ">
    <subfield code="a">24 páginas</subfield>
  </datafield>
  <datafield tag="500" ind1=" " ind2=" ">
    <subfield code="a">Informe final proyecto de investigación 724-B0-703. </subfield>
  </datafield>
  <datafield ind2=" " ind1=" " tag="500">
    <subfield code="a"> Cd contiene anexos (Tesis, ponencias y artículos)</subfield>
  </datafield>
  <datafield ind2=" " tag="610" ind1="1">
    <subfield code="9">153</subfield>
    <subfield code="a">INSTITUTO DE INVESTIGACIÓN EN EDUCACIÓN</subfield>
  </datafield>
  <datafield ind2="4" ind1="1" tag="650">
    <subfield code="9">326</subfield>
    <subfield code="a">INVESTIGACIÓN EDUCATIVA</subfield>
  </datafield>
  <datafield ind2="4" ind1="1" tag="650">
    <subfield code="9">1518</subfield>
    <subfield code="a">PARTICIPACIÓN ESTUDIANTIL</subfield>
  </datafield>
  <datafield ind2=" " ind1="1" tag="700">
    <subfield code="9">154</subfield>
    <subfield code="a"> Páez Cerdas, Wendy</subfield>
  </datafield>
  <datafield tag="942" ind1=" " ind2=" ">
    <subfield code="2">z</subfield>
    <subfield code="c">04</subfield>
  </datafield>
</record>